% Sample BibTeX file
%%%%%%%%%%%%%%%%%%%%%%%%%%%%%%%%%%%%%%%%%%%%%%%%%%%%%%%%%%%%%%%%%%%%%%

% journal or conference article
@article{kent2005security,
  title={Security Architecture for the Internet Protocol},
  author={Kent,S. and Seo, K. },
  journal={RFC 4301},
  year={2005},
  publisher={RFC4301}
}

% journal or conference article
@article{bosshart2014p4,
  title={P4: Programming protocol-independent packet processors},
  author={Bosshart, Pat and Daly, Dan and Gibb, Glen and Izzard, Martin and McKeown, Nick and Rexford, Jennifer and Schlesinger, Cole and Talayco, Dan and Vahdat, Amin and Varghese, George and others},
  journal={ACM SIGCOMM Computer Communication Review},
  volume={44},
  number={3},
  pages={87--95},
  year={2014},
  publisher={ACM New York, NY, USA}
}

% journal or conference article
@article{nguyen2008survey,
  title={A survey of techniques for internet traffic classification using machine learning},
  author={Nguyen, Thuy TT and Armitage, Grenville},
  journal={IEEE communications surveys \& tutorials},
  volume={10},
  number={4},
  pages={56--76},
  year={2008},
  publisher={IEEE}
}

% journal or conference article
@article{pacheco2018towards,
  title={Towards the deployment of machine learning solutions in network traffic classification: A systematic survey},
  author={Pacheco, Fannia and Exposito, Ernesto and Gineste, Mathieu and Baudoin, Cedric and Aguilar, Jose},
  journal={IEEE Communications Surveys \& Tutorials},
  volume={21},
  number={2},
  pages={1988--2014},
  year={2018},
  publisher={IEEE}
}

@misc{iana2017,
  title={Internet Assigned Numbers Authority (IANA)},
  month={Sep.},
  year={2017},
  howpublished={\url{https://www.iana.org/}}
}

@inproceedings{sen2004accurate,
  title={Accurate, scalable in-network identification of p2p traffic using application signatures},
  author={Sen, Subhabrata and Spatscheck, Oliver and Wang, Dongmei},
  booktitle={Proceedings of the 13th international conference on World Wide Web},
  pages={512--521},
  year={2004}
}

@inproceedings{moore2005toward,
  title={Toward the accurate identification of network applications},
  author={Moore, Andrew W and Papagiannaki, Konstantina},
  booktitle={International workshop on passive and active network measurement},
  pages={41--54},
  year={2005},
  organization={Springer}
}

@inproceedings{sun2010novel,
  title={An novel hybrid method for effectively classifying encrypted traffic},
  author={Sun, Guang-Lu and Xue, Yibo and Dong, Yingfei and Wang, Dongsheng and Li, Chenglong},
  booktitle={2010 IEEE Global Telecommunications Conference GLOBECOM 2010},
  pages={1--5},
  year={2010},
  organization={IEEE}
}

@article{wang2019survey,
  title={A survey of techniques for mobile service encrypted traffic classification using deep learning},
  author={Wang, Pan and Chen, Xuejiao and Ye, Feng and Sun, Zhixin},
  journal={IEEE Access},
  volume={7},
  pages={54024--54033},
  year={2019},
  publisher={IEEE}
}

@misc{schulzrinne2003rfc3550,
  title={RFC3550: RTP: A transport protocol for real-time applications},
  author={Schulzrinne, Henning and Casner, Steven and Frederick, R and Jacobson, Van},
  year={2003},
  publisher={RFC Editor}
}


@misc{itu2010advanced,
  title={Advanced video coding for generic audiovisual services},
  author={ITU-T Recommendation H.264},
  year={2010},
  }

@misc{video2020,
  title={Video compression picture types},
  year={2020},
  howpublished={\url{ https://en.wikipedia.org/wiki/Video\_compression\_picture\_types}}
}

@misc{frame2020,
  title={Frame Rate},
  month={November},
  year={2020},
  howpublished={\url{https://en.wikipedia.org/wiki/Frame\_rate}}
}

@misc{r2020,
  title={The R Project for Statistical Computing},
  month={November},
  year={2020},
  howpublished={\url{https://www.r-project.org/}}
}

@misc{p4162020,
  title={P416 Language Specification. Version 1.2.1},
  month={November},
  year={2020},
  howpublished={\url{https://p4.org/p4-spec/docs/P4.16-v1.2.1.html}}
}

@misc{sigcommp4tutorial2020,
  title={ SIGCOMM 2019 P4 Tutorial},
  month={November},
  year={2020},
  howpublished={\url{https://github.com/p4lang/tutorials/tree/sigcomm19}}
}

@misc{p4tutorial2020,
  title={ SIGCOMM 2019 P4 Tutorial},
  month={November},
  year={2020},
  howpublished={\url{https://github.com/p4lang/tutorials/tree/sigcomm19}}
}

@misc{p4language2016,
  title={P4 Language Consortium},
  month={November},
  year={2020},
  howpublished={\url{https://p4.org/}}
}


@misc{scapy2020,
  title={Scapy: Packet crafting for Python2 and Python3},
  month={November},
  year={2020},
  howpublished={\url{https://scapy.net/}}
}
